@misc{scalefree,
    AUTHOR = {Albert-László Barabási},
    TITLE = {Network Science},
    HOWPUBLISHED = {URL: \url{http://barabasi.com/f/623.pdf}},
    NOTE = {Consultado el 16/01/2017}
}

@article{peixoto_graph-tool_2014,
         title = {The graph-tool python library},
         url = {http://figshare.com/articles/graph_tool/1164194},
         doi = {10.6084/m9.figshare.1164194},
         urldate = {2014-09-10},
         journal = {figshare},
         author = {Peixoto, Tiago P.},
         year = {2014},
         keywords = {all, complex networks, graph, network, other}}
